<?xml version="1.0" encoding="UTF-8"?><record xmlns="http://www.loc.gov/MARC21/slim" xmlns:cinclude="http://apache.org/cocoon/include/1.0" xmlns:zs="http://www.loc.gov/zing/srw/">
  <leader>00448nz  a2200145n  4500</leader>
  <controlfield tag="001">nb2007025515</controlfield>
  <controlfield tag="003">DLC</controlfield>
  <controlfield tag="005">20071110075053.0</controlfield>
  <controlfield tag="008">071108n| acannaabn          |n aaa      </controlfield>
  <datafield tag="010" ind1=" " ind2=" ">
    <subfield code="a">nb2007025515</subfield>
  </datafield>
  <datafield tag="035" ind1=" " ind2=" ">
    <subfield code="a">(Uk)006957437</subfield>
  </datafield>
  <datafield tag="040" ind1=" " ind2=" ">
    <subfield code="a">Uk</subfield>
    <subfield code="b">eng</subfield>
    <subfield code="c">Uk</subfield>
  </datafield>
  <datafield tag="100" ind1="0" ind2=" ">
    <subfield code="a">Jehiel Michel ben Nathan Nata</subfield>
  </datafield>
  <datafield tag="670" ind1=" " ind2=" ">
    <subfield code="a">Shir ha-Torah, 1765</subfield>
  </datafield>
  <datafield tag="670" ind1=" " ind2=" ">
    <subfield code="a">Catalogue of the Hebrew books in the Library of the British Museum, 1867:</subfield>
    <subfield code="b">p. 319 (Jehiel Michel ben Nathan Nata)</subfield>
  </datafield>
</record>